<?xml version="1.0" encoding="UTF-8"?><collection xmlns="http://www.loc.gov/MARC21/slim"><record><leader>00389nam--2200121-i-4500</leader><controlfield tag="001">000007155</controlfield><controlfield tag="002">20161230</controlfield><controlfield tag="005">20161230201027</controlfield><controlfield tag="008">060222s1000------------r-----000-0-eng-d</controlfield><datafield ind1=" " ind2=" " tag="100"><subfield code="a">Boussard J.Cc</subfield></datafield><datafield ind1=" " ind2=" " tag="245"><subfield code="a">Etude et realisation d`un compilateur algol 60 sur calculatrice electronique du type ibm 7090 /94 et 7040/44. theses</subfield></datafield><datafield ind1=" " ind2=" " tag="260"><subfield code="a">Grenoble, Fac. De Sciences, 1964 369 P</subfield></datafield><datafield ind1=" " ind2=" " tag="852"><subfield code="a">20854</subfield></datafield></record></collection>